<record><leader>00000cas a2200000 a 4500</leader><controlfield tag="001">21390612</controlfield><controlfield tag="008">900418d18761891meucn ne      0    0eng c</controlfield><datafield ind1=" " ind2=" " tag="010"><subfield code="a">sn 90066036 </subfield></datafield><datafield ind1=" " ind2=" " tag="040"><subfield code="a">NYS</subfield><subfield code="b">eng</subfield><subfield code="c">NYS</subfield><subfield code="d">MBN</subfield><subfield code="d">MHN</subfield><subfield code="d">MBN</subfield><subfield code="d">OCL</subfield><subfield code="d">OCLCQ</subfield><subfield code="d">OCLCO</subfield></datafield><datafield ind1="1" ind2=" " tag="029"><subfield code="a">AU@</subfield><subfield code="b">000007491821</subfield></datafield><datafield ind1=" " ind2=" " tag="042"><subfield code="a">pcc</subfield></datafield><datafield ind1=" " ind2=" " tag="043"><subfield code="a">n-us-me</subfield></datafield><datafield ind1="0" ind2="0" tag="245"><subfield code="a">Squirrel Island squid.</subfield></datafield><datafield ind1=" " ind2=" " tag="260"><subfield code="a">Squirrel Island, Me. :</subfield><subfield code="b">Ed. N. &amp; Parke G. Dingley</subfield></datafield><datafield ind1=" " ind2=" " tag="300"><subfield code="a">v.</subfield></datafield><datafield ind1=" " ind2=" " tag="310"><subfield code="a">Semiweekly,</subfield><subfield code="b">1880-</subfield></datafield><datafield ind1=" " ind2=" " tag="321"><subfield code="a">Irregular</subfield></datafield><datafield ind1=" " ind2=" " tag="321"><subfield code="a">Weekly,</subfield><subfield code="b">July 22, 1876-Aug. 16, 1879</subfield></datafield><datafield ind1="0" ind2=" " tag="362"><subfield code="a">Vol. 1, no. 1 (July 15, 1876)-</subfield></datafield><datafield ind1="1" ind2=" " tag="362"><subfield code="a">Ceased 1891.</subfield></datafield><datafield ind1=" " ind2=" " tag="500"><subfield code="a">"Island" appears above masthead ornament.</subfield></datafield><datafield ind1=" " ind2=" " tag="500"><subfield code="a">"A seaside vacation journal issued each Wednesday and Saturday during the six weeks vacation season of July and August."</subfield></datafield><datafield ind1=" " ind2=" " tag="500"><subfield code="a">Squirrel Island is a resort village in Southport, Me.</subfield></datafield><datafield ind1=" " ind2=" " tag="500"><subfield code="a">First issue states: "Published semi-occasionally during dog days at number 7 Sea-Cliff, Squirrel Island."</subfield></datafield><datafield ind1=" " ind2="0" tag="651"><subfield code="a">Squirrel Island (Me.)</subfield><subfield code="v">Newspapers.</subfield></datafield><datafield ind1=" " ind2="0" tag="651"><subfield code="a">Southport (Me.)</subfield><subfield code="v">Newspapers.</subfield></datafield><datafield ind1=" " ind2=" " tag="752"><subfield code="a">United States</subfield><subfield code="b">Maine</subfield><subfield code="c">Lincoln</subfield><subfield code="d">Southport.</subfield></datafield></record>